<record><leader>00000cas a2200000 a 4500</leader><controlfield tag="001">31538702</controlfield><controlfield tag="008">941130d19601963nyuwr ne      0    0eng c</controlfield><datafield ind1=" " ind2=" " tag="010"><subfield code="a">sn 94061038 </subfield></datafield><datafield ind1=" " ind2=" " tag="040"><subfield code="a">NYS</subfield><subfield code="b">eng</subfield><subfield code="c">NYS</subfield><subfield code="d">OCLCQ</subfield><subfield code="d">OCLCF</subfield><subfield code="d">OCLCO</subfield></datafield><datafield ind1="1" ind2=" " tag="029"><subfield code="a">AU@</subfield><subfield code="b">000011432157</subfield></datafield><datafield ind1=" " ind2=" " tag="042"><subfield code="a">pcc</subfield></datafield><datafield ind1=" " ind2=" " tag="043"><subfield code="a">n-us-ny</subfield></datafield><datafield ind1="0" ind2=" " tag="130"><subfield code="a">Beacon (East Meadow, N.Y.)</subfield></datafield><datafield ind1="1" ind2="4" tag="245"><subfield code="a">The beacon.</subfield></datafield><datafield ind1=" " ind2=" " tag="260"><subfield code="a">East Meadow, N.Y. :</subfield><subfield code="b">Nassau County Publications,</subfield><subfield code="c">-1963.</subfield></datafield><datafield ind1=" " ind2=" " tag="300"><subfield code="a">v.</subfield></datafield><datafield ind1=" " ind2=" " tag="310"><subfield code="a">Weekly</subfield></datafield><datafield ind1="1" ind2=" " tag="362"><subfield code="a">Began in 1960.</subfield></datafield><datafield ind1="0" ind2=" " tag="362"><subfield code="a">-v. 13, no. 24 (May 15, 1963).</subfield></datafield><datafield ind1=" " ind2=" " tag="500"><subfield code="a">"Serving East Meadow, North Merrick &amp; Bellmore," &lt;1960&gt;.</subfield></datafield><datafield ind1=" " ind2=" " tag="500"><subfield code="a">Published in: East Meadow, N.Y., &lt;1960&gt;; Hempstead, N.Y., &lt;Jan. 1961&gt;-1963.</subfield></datafield><datafield ind1=" " ind2=" " tag="588"><subfield code="a">Description based on: Vol. 7, no. 9 (Apr. 27, 1960).</subfield></datafield><datafield ind1=" " ind2="0" tag="651"><subfield code="a">East Meadow (N.Y.)</subfield><subfield code="v">Newspapers.</subfield></datafield><datafield ind1=" " ind2="0" tag="651"><subfield code="a">North Merrick (N.Y.)</subfield><subfield code="v">Newspapers.</subfield></datafield><datafield ind1=" " ind2="0" tag="651"><subfield code="a">Bellmore (N.Y.)</subfield><subfield code="v">Newspapers.</subfield></datafield><datafield ind1=" " ind2="0" tag="651"><subfield code="a">Hempstead (N.Y.)</subfield><subfield code="v">Newspapers.</subfield></datafield><datafield ind1=" " ind2="0" tag="651"><subfield code="a">Nassau County (N.Y.)</subfield><subfield code="v">Newspapers.</subfield></datafield><datafield ind1=" " ind2="7" tag="655"><subfield code="a">Newspapers.</subfield><subfield code="2">fast</subfield><subfield code="0">(OCoLC)fst01423814</subfield></datafield><datafield ind1=" " ind2="7" tag="651"><subfield code="a">New York (State)</subfield><subfield code="z">Bellmore.</subfield><subfield code="2">fast</subfield><subfield code="0">(OCoLC)fst01221345</subfield></datafield><datafield ind1=" " ind2="7" tag="651"><subfield code="a">New York (State)</subfield><subfield code="z">East Meadow.</subfield><subfield code="2">fast</subfield><subfield code="0">(OCoLC)fst01260073</subfield></datafield><datafield ind1=" " ind2="7" tag="651"><subfield code="a">New York (State)</subfield><subfield code="z">Hempstead.</subfield><subfield code="2">fast</subfield><subfield code="0">(OCoLC)fst01207201</subfield></datafield><datafield ind1=" " ind2="7" tag="651"><subfield code="a">New York (State)</subfield><subfield code="z">Nassau County.</subfield><subfield code="2">fast</subfield><subfield code="0">(OCoLC)fst01205518</subfield></datafield><datafield ind1=" " ind2="7" tag="651"><subfield code="a">New York (State)</subfield><subfield code="z">North Merrick.</subfield><subfield code="2">fast</subfield><subfield code="0">(OCoLC)fst01260104</subfield></datafield><datafield ind1=" " ind2=" " tag="752"><subfield code="a">United States</subfield><subfield code="b">New York</subfield><subfield code="c">Nassau</subfield><subfield code="d">Hempstead.</subfield></datafield><datafield ind1=" " ind2=" " tag="752"><subfield code="a">United States</subfield><subfield code="b">New York</subfield><subfield code="c">Nassau</subfield><subfield code="d">East Meadow.</subfield></datafield><datafield ind1="0" ind2=" " tag="775"><subfield code="t">Beacon (Hempstead, N.Y.)</subfield><subfield code="g">&lt;1963&gt;</subfield><subfield code="w">(DLC)sn 97063635</subfield><subfield code="w">(OC0LC)36981670</subfield></datafield><datafield ind1="0" ind2="0" tag="780"><subfield code="t">Meadowbrook sun</subfield><subfield code="w">(DLC)sn 95071147</subfield><subfield code="w">(OCoLC)32173378</subfield></datafield><datafield ind1="0" ind2="0" tag="785"><subfield code="t">East Meadow beacon</subfield><subfield code="w">(DLC)sn 94061039</subfield><subfield code="w">(OCoLC)31600386</subfield></datafield></record>